@Book{xie2015,
  title = {Dynamic Documents with {R} and knitr},
  author = {Yihui Xie},
  publisher = {Chapman and Hall/CRC},
  address = {Boca Raton, Florida},
  year = {2015},
  edition = {2nd},
  note = {ISBN 978-1498716963},
  url = {http://yihui.org/knitr/},
}

@article{kleppe_CTHMC,
author={Tore Selland Kleppe},
Title = {Connecting the Dots: Numerical Randomized {H}amiltonian {M}onte {C}arlo with State-Dependent Event Rates},
Year = {2022},
journal={Journal of Computational and Graphical Statistics},
note={forthcoming}
}


@misc{kleppe_amt,
author={Tore Selland Kleppe},
title={Automatic metric tensors based on log-gradient covariance for Riemannian MCMC},
Year={2022},
note={Working paper}
}  

@article{fearnhead2018,
author = "Fearnhead, Paul and Bierkens, Joris and Pollock, Murray and Roberts, Gareth O.",
doi = "10.1214/18-STS648",
fjournal = "Statistical Science",
journal = "Statist. Sci.",
month = "08",
number = "3",
pages = "386--412",
publisher = "The Institute of Mathematical Statistics",
title = "Piecewise Deterministic {M}arkov Processes for Continuous-Time Monte Carlo",
url = "https://doi.org/10.1214/18-STS648",
volume = "33",
year = "2018"
}

@article{davis_ldl,
author={T. A. Davis},
year= {2005}, 
title={Algorithm 849: A concise sparse Cholesky factorization package},
journal={ACM Transactions Mathematical Software},
volume={ 31},
issue={4},
pages= {587–591}
}

@article{1812.07929,
Author = {Kjartan Kloster Osmundsen and Tore Selland Kleppe and Roman Liesenfeld},
Title = {Importance Sampling-based Transport Map {H}amiltonian {M}onte {C}arlo for {B}ayesian Hierarchical Models},
Year = {2021},
journal = {Journal of Computational and Graphical Statistics},
volume = {30},
number = {4},
pages = {906-919},
year  = {2021}
}

@article{doi:10.1080/10618600.2019.1584901,
author = {Tore Selland Kleppe},
title = {Dynamically Rescaled {H}amiltonian {M}onte {C}arlo for {B}ayesian Hierarchical Models},
journal = {Journal of Computational and Graphical Statistics},
volume = {28},
number = {3},
pages = {493-507},
year  = {2019},
publisher = {Taylor & Francis},
doi = {10.1080/10618600.2019.1584901},

URL = { 
        https://doi.org/10.1080/10618600.2019.1584901
    
},
eprint = { 
        https://doi.org/10.1080/10618600.2019.1584901
    
}

}

@book{davis_sparse,
title={Direct Methods for Sparse Linear Systems},
author={Timothy A. Davis},
publisher={{SIAM}},
year={2006},
series={Fundamentals of Algorithms},
volume={2}
}

@article{DORMAND198019,
title = {A family of embedded Runge-Kutta formulae},
journal = {Journal of Computational and Applied Mathematics},
volume = {6},
number = {1},
pages = {19-26},
year = {1980},
issn = {0377-0427},
doi = {https://doi.org/10.1016/0771-050X(80)90013-3},
url = {https://www.sciencedirect.com/science/article/pii/0771050X80900133},
author = {J.R. Dormand and P.J. Prince},
abstract = {A family of embedded Runge-Kutta formulae RK5 (4) are derived. From these are presented formulae which have (a) ‘small’ principal truncation terms in the fifth order and (b) extended regions of absolute stability.}
}



